\bibitem{
@online{STANFORD
http://ufldl.stanford.edu/wiki/index.php/Using_the_MNIST_Dataset
}}

\bibitem{
@online{MNIST
author: Yann LeCun, Corinna Cortes, Christopher J.C. Burges, 
available from: http://yann.lecun.com/exdb/mnist/
accessed: 18/10/2016

\bibitem{
@online load

\bibitem{pca
@online{
http://faculty.iiit.ac.in/~mkrishna/PrincipalComponents.pdf